{
  "leader": "03839cam  2200529 i 4500",
  "fields": [
    {
      "001": "on1183349983"
    },
    {
      "003": "OCoLC"
    },
    {
      "005": "20210423132000.0"
    },
    {
      "008": "200810s2020    cc a   a      000 1 chi  "
    },
    {
      "020": {
        "subfields": [
          {
            "a": "9787572101014"
          },
          {
            "q": "(hardcover)"
          }
        ],
        "ind1": " ",
        "ind2": " "
      }
    },
    {
      "020": {
        "subfields": [
          {
            "a": "7572101011"
          },
          {
            "q": "(hardcover)"
          }
        ],
        "ind1": " ",
        "ind2": " "
      }
    },
    {
      "035": {
        "subfields": [
          {
            "a": "(OCoLC)1183349983"
          }
        ],
        "ind1": " ",
        "ind2": " "
      }
    },
    {
      "040": {
        "subfields": [
          {
            "a": "SINLB"
          },
          {
            "b": "eng"
          },
          {
            "e": "rda"
          },
          {
            "c": "SINLB"
          },
          {
            "d": "OCLCO"
          },
          {
            "d": "SINLB"
          },
          {
            "d": "JQW"
          },
          {
            "d": "OCLCF"
          },
          {
            "d": "OCLCO"
          },
          {
            "d": "OTP"
          },
          {
            "d": "HCO"
          }
        ],
        "ind1": " ",
        "ind2": " "
      }
    },
    {
      "049": {
        "subfields": [
          {
            "a": "HCOA"
          }
        ],
        "ind1": " ",
        "ind2": " "
      }
    },
    {
      "066": {
        "subfields": [
          {
            "c": "$1"
          },
          {
            "c": "Zsym"
          }
        ],
        "ind1": " ",
        "ind2": " "
      }
    },
    {
      "099": {
        "subfields": [
          {
            "b": "LIU"
          }
        ],
        "ind1": " ",
        "ind2": " "
      }
    },
    {
      "100": {
        "subfields": [
          {
            "6": "880-01"
          },
          {
            "a": "Liu, Xugong,"
          },
          {
            "e": "author,"
          },
          {
            "e": "illustrator."
          }
        ],
        "ind1": "1",
        "ind2": " "
      }
    },
    {
      "245": {
        "subfields": [
          {
            "6": "880-02"
          },
          {
            "a": "Che piao qu na er le /"
          },
          {
            "c": "Liu Xugong zhu hui."
          }
        ],
        "ind1": "1",
        "ind2": "0"
      }
    },
    {
      "250": {
        "subfields": [
          {
            "6": "880-03"
          },
          {
            "a": "Di 1 ban."
          }
        ],
        "ind1": " ",
        "ind2": " "
      }
    },
    {
      "264": {
        "subfields": [
          {
            "6": "880-04"
          },
          {
            "a": "[Wuhan] :"
          },
          {
            "b": "Chang Jiang shao nian er tong chu ban she,"
          },
          {
            "c": "2020."
          }
        ],
        "ind1": " ",
        "ind2": "1"
      }
    },
    {
      "300": {
        "subfields": [
          {
            "a": "1 volume (unpaged) :"
          },
          {
            "b": "color illustrations ;"
          },
          {
            "c": "22 x 29 cm."
          }
        ],
        "ind1": " ",
        "ind2": " "
      }
    },
    {
      "336": {
        "subfields": [
          {
            "a": "text"
          },
          {
            "b": "txt"
          },
          {
            "2": "rdacontent"
          }
        ],
        "ind1": " ",
        "ind2": " "
      }
    },
    {
      "336": {
        "subfields": [
          {
            "a": "still image"
          },
          {
            "b": "sti"
          },
          {
            "2": "rdacontent"
          }
        ],
        "ind1": " ",
        "ind2": " "
      }
    },
    {
      "337": {
        "subfields": [
          {
            "a": "unmediated"
          },
          {
            "b": "n"
          },
          {
            "2": "rdamedia"
          }
        ],
        "ind1": " ",
        "ind2": " "
      }
    },
    {
      "338": {
        "subfields": [
          {
            "a": "volume"
          },
          {
            "b": "nc"
          },
          {
            "2": "rdacarrier"
          }
        ],
        "ind1": " ",
        "ind2": " "
      }
    },
    {
      "490": {
        "subfields": [
          {
            "6": "880-05"
          },
          {
            "a": "Hai tun hui ben hua yuan ="
          },
          {
            "a": "Dolphinmedia picture book garden ;"
          },
          {
            "v": "585"
          }
        ],
        "ind1": "1",
        "ind2": " "
      }
    },
    {
      "520": {
        "subfields": [
          {
            "6": "880-06"
          },
          {
            "a": "\"The bus is about to take off as the bus driver asked the passengers to show their tickets. Suddenly, a gust of wind blows off everyone's tickets. The driver decided that he must retrieve everyone's tickets.\"--Bookswindows.com."
          }
        ],
        "ind1": " ",
        "ind2": " "
      }
    },
    {
      "546": {
        "subfields": [
          {
            "a": "Text in simplified Chinese."
          }
        ],
        "ind1": " ",
        "ind2": " "
      }
    },
    {
      "650": {
        "subfields": [
          {
            "a": "Bus drivers"
          },
          {
            "v": "Juvenile fiction."
          }
        ],
        "ind1": " ",
        "ind2": "0"
      }
    },
    {
      "650": {
        "subfields": [
          {
            "a": "Bus occupants"
          },
          {
            "v": "Juvenile fiction."
          }
        ],
        "ind1": " ",
        "ind2": "0"
      }
    },
    {
      "655": {
        "subfields": [
          {
            "a": "Chinese language materials."
          },
          {
            "2": "lcshac"
          }
        ],
        "ind1": " ",
        "ind2": "7"
      }
    },
    {
      "830": {
        "subfields": [
          {
            "6": "880-07"
          },
          {
            "a": "Hai tun hui ben hua yuan ;"
          },
          {
            "v": "585."
          }
        ],
        "ind1": " ",
        "ind2": "0"
      }
    },
    {
      "880": {
        "subfields": [
          {
            "6": "100-01/$1"
          },
          {
            "a": "刘旭恭,"
          },
          {
            "e": "author,"
          },
          {
            "e": "illustrator."
          }
        ],
        "ind1": "1",
        "ind2": " "
      }
    },
    {
      "880": {
        "subfields": [
          {
            "6": "245-02/$1"
          },
          {
            "a": "车票去哪儿了 /"
          },
          {
            "c": "刘旭恭著绘."
          }
        ],
        "ind1": "1",
        "ind2": "0"
      }
    },
    {
      "880": {
        "subfields": [
          {
            "6": "250-03/$1"
          },
          {
            "a": "第1版."
          }
        ],
        "ind1": " ",
        "ind2": " "
      }
    },
    {
      "880": {
        "subfields": [
          {
            "6": "264-04/$1"
          },
          {
            "a": "[武汉] :"
          },
          {
            "b": "长江少年儿童出版社,"
          },
          {
            "c": "2020."
          }
        ],
        "ind1": " ",
        "ind2": "1"
      }
    },
    {
      "880": {
        "subfields": [
          {
            "6": "490-05/$1"
          },
          {
            "a": "海豚绘本花园 ="
          },
          {
            "a": "Dolphinmedia picture book garden ;"
          },
          {
            "v": "585"
          }
        ],
        "ind1": "1",
        "ind2": " "
      }
    },
    {
      "880": {
        "subfields": [
          {
            "6": "520-06/$1"
          },
          {
            "a": "\"这是一本充满想象力的儿童绘本。公车即将开车司机先生要乘客们把车票拿出来哪知一阵风吹来把大家的车票吹得好远好远司机立刻决定一定要把车票追回来α于是公车上的乘客跟着司机先生一起踏上旅程他们偏离了原本的道路从城市开往不可思议的地方α一路上他们越过高山、悬崖、海边、雪地遇见了神仙、海龙王、雪怪竟然还闯进赛车场&&最后终于在太阳落下的地方一棵又高又大的树上发现了车票的踪影他们可以顺利追回车票吗\u001f树上又有什么让人惊讶的景象呢\u001f 绘本作家刘旭恭以橘色和蓝色为主色调描绘用带有童趣的质朴笔触勾勒活泼的线条和大面积的色块表现出活力满满的氛围。他独特的幽默感让这个看似天马行空的故事多了一点哲思与温度。司机先生为了追回被风吹走的车票不管前方有多危险丝毫不受影响坚持信念一路往前追乘客不分彼此团结一致帮助司机先生让人感受到司机与乘客之间的情谊。对了别忘了在图中找找小狗的身影可是司机先生的好帮手喔!\"--Bookswindows.com."
          }
        ],
        "ind1": " ",
        "ind2": " "
      }
    },
    {
      "880": {
        "subfields": [
          {
            "6": "500-00/$1"
          },
          {
            "a": "\"本书荣获2018年金鼎奖图书画奖\"--page [4] of cover."
          }
        ],
        "ind1": " ",
        "ind2": " "
      }
    },
    {
      "880": {
        "subfields": [
          {
            "6": "500-00/$1"
          },
          {
            "a": "\"2019年第六届丰子恺儿童图画书奖佳作奖\"--page [4] of cover."
          }
        ],
        "ind1": " ",
        "ind2": " "
      }
    },
    {
      "880": {
        "subfields": [
          {
            "6": "830-07/$1"
          },
          {
            "a": "海豚绘本花园 ;"
          },
          {
            "v": "585."
          }
        ],
        "ind1": " ",
        "ind2": "0"
      }
    },
    {
      "948": {
        "subfields": [
          {
            "a": "jac"
          },
          {
            "b": "20210423"
          },
          {
            "c": "HCL 4/21"
          }
        ],
        "ind1": " ",
        "ind2": " "
      }
    },
    {
      "994": {
        "subfields": [
          {
            "a": "C0"
          },
          {
            "b": "HCO"
          }
        ],
        "ind1": " ",
        "ind2": " "
      }
    },
    {
      "949": {
        "subfields": [
          {
            "b": "31972208755424"
          },
          {
            "c": "epbf--c"
          },
          {
            "d": "LIU"
          },
          {
            "m": "ep"
          },
          {
            "n": "14265091"
          },
          {
            "t": "j21"
          }
        ],
        "ind1": " ",
        "ind2": " "
      }
    },
    {
      "949": {
        "subfields": [
          {
            "b": "31972208755440"
          },
          {
            "c": "epbf--c"
          },
          {
            "d": "LIU"
          },
          {
            "m": "py"
          },
          {
            "n": "14265093"
          },
          {
            "t": "j21"
          }
        ],
        "ind1": " ",
        "ind2": " "
      }
    },
    {
      "949": {
        "subfields": [
          {
            "b": "31972208755457"
          },
          {
            "c": "epbf--c"
          },
          {
            "d": "LIU"
          },
          {
            "m": "sd"
          },
          {
            "n": "14265094"
          },
          {
            "t": "j21"
          }
        ],
        "ind1": " ",
        "ind2": " "
      }
    },
    {
      "999": {
        "subfields": [
          {
            "a": "6060345"
          }
        ],
        "ind1": " ",
        "ind2": " "
      }
    }
  ]
}
